<?xml version="1.0" encoding="UTF-8"?>
<collection xmlns:xsi="http://www.w3.org/2001/XMLSchema-instance" xsi:schemaLocation="http://www.loc.gov/MARC21/slim http://www.loc.gov/standards/marcxml/schema/MARC21slim.xsd" xmlns="http://www.loc.gov/MARC21/slim">
<record>
  <leader>00669cam a2200193 u 4500</leader>
  <controlfield tag="001">644181</controlfield>
  <controlfield tag="003">NNC</controlfield>
  <controlfield tag="005">20150920223157.0</controlfield>
  <controlfield tag="008">880426s1888    ua ||||||||| |||| ||ara |</controlfield>
  <datafield tag="035" ind1=" " ind2=" ">
    <subfield code="a">(OCoLC)506935961</subfield>
  </datafield>
  <datafield tag="035" ind1=" " ind2=" ">
    <subfield code="a">(OCoLC)ocn506935961</subfield>
  </datafield>
  <datafield tag="035" ind1=" " ind2=" ">
    <subfield code="a">(CStRLIN)NYCG88-B29857</subfield>
  </datafield>
  <datafield tag="035" ind1=" " ind2=" ">
    <subfield code="9">ACV1059CU</subfield>
  </datafield>
  <datafield tag="035" ind1=" " ind2=" ">
    <subfield code="a">(NNC)644181</subfield>
  </datafield>
  <datafield tag="100" ind1="1" ind2=" ">
    <subfield code="a">Sujāʻī, Aḥmad ibn Aḥmad,</subfield>
    <subfield code="d">-1783?</subfield>
  </datafield>
  <datafield tag="240" ind1="1" ind2="0">
    <subfield code="a">Fath al-jalil ʻala sharh Ibn ʻAqil</subfield>
  </datafield>
  <datafield tag="245" ind1="1" ind2="0">
    <subfield code="a">Hashiyat al-Sajjaʻi al-musammah Fath al-jalil ʻala sharh Ibn ʻAqil ʻala matn al-Alfiyah li-Ibn Malik fi ʻilm al-ʻArabiyah.</subfield>
  </datafield>
  <datafield tag="260" ind1=" " ind2=" ">
    <subfield code="a">Miṣr :</subfield>
    <subfield code="b">al-Maṭbaʻah al-Maymaniyah,</subfield>
    <subfield code="c">1306h [i.e. 1888 or 9]</subfield>
  </datafield>
  <datafield tag="300" ind1=" " ind2=" ">
    <subfield code="a">313 p.</subfield>
  </datafield>
  <datafield tag="955" ind1=" " ind2=" ">
    <subfield code="b">CU59574437</subfield>
    <subfield code="d">off,glx</subfield>
    <subfield code="e">ME06363</subfield>
  </datafield>
</record>
</collection>